<record><leader>00000cas a22000007a 4500</leader><controlfield tag="001">19274617</controlfield><controlfield tag="008">890227d19091923nyudn ne      0    0eng d</controlfield><datafield ind1=" " ind2=" " tag="010"><subfield code="a">sn 89071118 </subfield></datafield><datafield ind1=" " ind2=" " tag="040"><subfield code="a">NYG</subfield><subfield code="b">eng</subfield><subfield code="c">NYG</subfield><subfield code="d">NYS</subfield><subfield code="d">OCLCQ</subfield></datafield><datafield ind1=" " ind2=" " tag="042"><subfield code="a">msc</subfield></datafield><datafield ind1="0" ind2=" " tag="130"><subfield code="a">Hudson Republican (Hudson, N.Y. : 1909)</subfield></datafield><datafield ind1="1" ind2="4" tag="245"><subfield code="a">The Hudson Republican.</subfield></datafield><datafield ind1=" " ind2=" " tag="260"><subfield code="a">Hudson, N.Y. :</subfield><subfield code="b">Bryan Print Co.,</subfield><subfield code="c">1909-1923.</subfield></datafield><datafield ind1=" " ind2=" " tag="300"><subfield code="a">v. :</subfield><subfield code="b">ill.</subfield></datafield><datafield ind1=" " ind2=" " tag="310"><subfield code="a">Daily (except Sunday)</subfield></datafield><datafield ind1="0" ind2=" " tag="362"><subfield code="a">Vol. no. 234 (Oct. 7, 1909)-v. 48, no. 52 (June 30, 1923).</subfield></datafield><datafield ind1=" " ind2="4" tag="651"><subfield code="a">Hudson (N.Y.)</subfield><subfield code="v">Newspapers.</subfield></datafield><datafield ind1=" " ind2=" " tag="752"><subfield code="a">United States</subfield><subfield code="b">New York</subfield><subfield code="c">Columbia</subfield><subfield code="d">Hudson.</subfield></datafield><datafield ind1="1" ind2=" " tag="775"><subfield code="t">Columbia Republican (Hudson, N.Y. : 1881)</subfield><subfield code="w">(DLC)sn 89071100</subfield><subfield code="w">(OCoLC)19056321</subfield></datafield><datafield ind1="0" ind2="0" tag="780"><subfield code="t">Hudson morning Republican</subfield><subfield code="w">(DLC)sn 89071097</subfield><subfield code="w">(OCoLC)19057482</subfield></datafield><datafield ind1="0" ind2="0" tag="785"><subfield code="t">Evening star (Hudson, N.Y.)</subfield><subfield code="w">(DLC)sn 84031406</subfield></datafield><datafield ind1="1" ind2=" " tag="029"><subfield code="a">AU@</subfield><subfield code="b">000020536951</subfield></datafield></record>